<record><leader>00000cas a2200000 a 4500</leader><controlfield tag="001">7360025</controlfield><controlfield tag="008">810423d19711972mnusn ne      0   a0eng d</controlfield><datafield ind1=" " ind2=" " tag="010"><subfield code="a">sn 91059226 </subfield></datafield><datafield ind1=" " ind2=" " tag="040"><subfield code="a">MNG</subfield><subfield code="b">eng</subfield><subfield code="c">MNG</subfield><subfield code="d">MN#</subfield><subfield code="d">OCL</subfield><subfield code="d">OCLCQ</subfield><subfield code="d">OCLCF</subfield><subfield code="d">OCLCO</subfield></datafield><datafield ind1=" " ind2=" " tag="042"><subfield code="a">msc</subfield></datafield><datafield ind1=" " ind2=" " tag="043"><subfield code="a">n-us-mn</subfield></datafield><datafield ind1=" " ind2=" " tag="045"><subfield code="a">x7x7</subfield></datafield><datafield ind1=" " ind2=" " tag="052"><subfield code="a">4144</subfield><subfield code="b">S44</subfield></datafield><datafield ind1=" " ind2=" " tag="052"><subfield code="a">4143</subfield><subfield code="b">N5</subfield></datafield><datafield ind1="0" ind2="0" tag="245"><subfield code="a">Junction.</subfield></datafield><datafield ind1=" " ind2=" " tag="260"><subfield code="a">St. Peter, Minn. :</subfield><subfield code="b">Student of Gustavus Adolphus College,</subfield><subfield code="c">1971-1972.</subfield></datafield><datafield ind1=" " ind2=" " tag="300"><subfield code="a">1 v.</subfield></datafield><datafield ind1=" " ind2=" " tag="310"><subfield code="a">Semimonthly (during the school year)</subfield></datafield><datafield ind1="0" ind2=" " tag="362"><subfield code="a">Vol. 83, no. 1 (Sept. 17, 1971)-v. 83, no. 13 (May 17, 1972).</subfield></datafield><datafield ind1=" " ind2=" " tag="530"><subfield code="a">Available on microfilm from the Minnesota Historical Society.</subfield></datafield><datafield ind1="2" ind2="0" tag="610"><subfield code="a">Gustavus Adolphus College</subfield><subfield code="v">Periodicals.</subfield></datafield><datafield ind1=" " ind2="0" tag="650"><subfield code="a">Universities and colleges</subfield><subfield code="z">Minnesota</subfield><subfield code="z">Saint Peter</subfield><subfield code="v">Periodicals.</subfield></datafield><datafield ind1=" " ind2="0" tag="650"><subfield code="a">Schools</subfield><subfield code="z">Minnesota</subfield><subfield code="z">Saint Peter</subfield><subfield code="v">Periodicals.</subfield></datafield><datafield ind1=" " ind2="7" tag="655"><subfield code="a">Periodicals.</subfield><subfield code="2">fast</subfield><subfield code="0">(OCoLC)fst01411641</subfield></datafield><datafield ind1="2" ind2="7" tag="610"><subfield code="a">Gustavus Adolphus College.</subfield><subfield code="2">fast</subfield><subfield code="0">(OCoLC)fst00535897</subfield></datafield><datafield ind1=" " ind2="7" tag="650"><subfield code="a">Schools.</subfield><subfield code="2">fast</subfield><subfield code="0">(OCoLC)fst01107958</subfield></datafield><datafield ind1=" " ind2="7" tag="650"><subfield code="a">Universities and colleges.</subfield><subfield code="2">fast</subfield><subfield code="0">(OCoLC)fst01161597</subfield></datafield><datafield ind1=" " ind2="7" tag="651"><subfield code="a">Minnesota</subfield><subfield code="z">Saint Peter.</subfield><subfield code="2">fast</subfield><subfield code="0">(OCoLC)fst01210984</subfield></datafield><datafield ind1="2" ind2=" " tag="710"><subfield code="a">Gustavus Adolphus College.</subfield></datafield><datafield ind1="0" ind2="0" tag="780"><subfield code="t">Gustavian weekly (Saint Peter, Minn. : 1920)</subfield><subfield code="w">(DLC)sn 91059222</subfield></datafield><datafield ind1="0" ind2="0" tag="785"><subfield code="t">None of the above</subfield><subfield code="w">(OCoLC)7360058</subfield></datafield></record>